@book{pharr2010,
	author = {Matt Pharr and Greg Humphreys},
	title = {Physically Based Rendering, Second Edition: From Theory To Implementation},
	year = {2010},
	isbn = {0123750792, 9780123750792},
	edition = {2nd},
	publisher = {Morgan Kaufmann Publishers Inc.},
	address = {San Francisco, CA, USA},
}

@article{whitted1980,
	author = {Whitted, Turner},
	title = {An Improved Illumination Model for Shaded Display},
	journal = {Commun. ACM},
	issue_date = {June 1980},
	volume = {23},
	number = {6},
	month = jun,
	year = {1980},
	issn = {0001-0782},
	pages = {343--349},
	numpages = {7},
	doi = {10.1145/358876.358882},
	acmid = {358882},
	publisher = {ACM},
	address = {New York, NY, USA},
	keywords = {computer animation, computer graphics, raster displays, shading, visible surface algorithms},
}

@article{cook1984,
	author = {Cook, Robert L. and Porter, Thomas and Carpenter, Loren},
	title = {Distributed Ray Tracing},
	journal = {SIGGRAPH Comput. Graph.},
	issue_date = {July 1984},
	volume = {18},
	number = {3},
	month = jan,
	year = {1984},
	issn = {0097-8930},
	pages = {137--145},
	numpages = {9},
	doi = {10.1145/964965.808590},
	acmid = {808590},
	publisher = {ACM},
	address = {New York, NY, USA},
	keywords = {Camera, Constructive solid geometry, Depth of field, Focus, Gloss, Motion blur, Penumbras, Ray tracing, Shadows, Translucency, Transparency},
}

@misc{smallvcm,
	author = {TOMÁŠ DAVIDOVIČ},
	title = {{SmallVCM}: A (not too) small physically based renderer},
	year = {2012},
	url = {http://www.smallvcm.com},
	note = {\url{http://www.smallvcm.com/}, acessado em Agosto de 2014}
}

@article{kajiya1986,
	author = {Kajiya, James T.},
	title = {The Rendering Equation},
	journal = {SIGGRAPH Comput. Graph.},
	issue_date = {Aug. 1986},
	volume = {20},
	number = {4},
	month = aug,
	year = {1986},
	issn = {0097-8930},
	pages = {143--150},
	numpages = {8},
	doi = {10.1145/15886.15902},
	acmid = {15902},
	publisher = {ACM},
	address = {New York, NY, USA},
}

@phdthesis{veach1997,
	title={Robust Monte Carlo methods for light transport simulation},
	author={Veach, Eric},
	year={1997},
	school={Stanford University}
}

@inproceedings{lafortune1993,
	title={Bi-directional path tracing},
	author={Lafortune, Eric P and Willems, Yves D},
	booktitle={Proceedings of CompuGraphics},
	volume={93},
	pages={145--153},
	year={1993}
}

@article{georgiev2012,
	author = {Georgiev, Iliyan and KŘIVÁNEK, Jaroslav and DAVIDOVIČ, TOMÁŠ and Slusallek, Philipp},
	title = {Light Transport Simulation with Vertex Connection and Merging},
	journal = {ACM Trans. Graph.},
	issue_date = {November 2012},
	volume = {31},
	number = {6},
	month = nov,
	year = {2012},
	issn = {0730-0301},
	pages = {192:1--192:10},
	articleno = {192},
	numpages = {10},
	url = {http://doi.acm.org/10.1145/2366145.2366211},
	doi = {10.1145/2366145.2366211},
	acmid = {2366211},
	publisher = {ACM},
	address = {New York, NY, USA},
	keywords = {bidirectional path tracing, density estimation, global illumination, importance sampling, light transport, photon mapping},
}

@article{matsumoto1998,
	author = {Matsumoto, Makoto and Nishimura, Takuji},
	title = {Mersenne Twister: A 623-dimensionally Equidistributed Uniform Pseudo-random Number Generator},
	journal = {ACM Trans. Model. Comput. Simul.},
	issue_date = {Jan. 1998},
	volume = {8},
	number = {1},
	month = jan,
	year = {1998},
	issn = {1049-3301},
	pages = {3--30},
	numpages = {28},
	url = {http://doi.acm.org/10.1145/272991.272995},
	doi = {10.1145/272991.272995},
	acmid = {272995},
	publisher = {ACM},
	address = {New York, NY, USA},
	keywords = {k-distribution, m-sequences, GFSR, MT19937, Mersenne primes, Mersenne twister, TGFSR, finite fields, incomplete array, inversive-decimation method, multiple-recursive matrix method, primitive polynomials, random number generation, tempering},
}

@article{vigna2014,
	author    = {Sebastiano Vigna},
	title     = {Further scramblings of Marsaglia's xorshift generators},
	journal   = {CoRR},
	volume    = {abs/1404.0390},
	year      = {2014},
	url       = {http://arxiv.org/abs/1404.0390},
	timestamp = {Thu, 01 May 2014 14:56:20 +0200},
	biburl    = {http://dblp.uni-trier.de/rec/bib/journals/corr/Vigna14a},
	bibsource = {dblp computer science bibliography, http://dblp.org}
}
