

@article{friends,
	author = {Otávio Migliavacca Madalosso, Andrea Schwertner Charão},
	title = {Implementação do algoritmo Friends of Friends de complexidade n*logn(n) para classificação de objetos astronômicos},
	journal = {ERAD-RS XV},
	year = {2015}
}

@article{Bertschinger,
	author = {E. Bertschinger},
	title = {Simulations of structure formation in the universe},
	journal = {Annu. Rev. Astron. Astrophys 36},
	year = {1998}
}
@misc{medigrid,
	title = {MediGRID},
	howpublished ={\url{http://www.medigrid.de/index_en.html}},
	note = {Accessed: 2015-08-14}
}
@misc{django,
	title = {Django Project},
	howpublished ={\url{https://www.djangoproject.com/}},
	note = {Accessed: 2015-08-14}
}
@misc{nesi,
	title = {New Zeland eScience Infrastructure},
	howpublished ={\url{https://www.nesi.org.nz/}},
	note = {Accessed: 2015-08-14}
}
@article{Efstathiou,
	author = {G. Efstathiou, M. Davis, S. D. M White, C. S Frenk},
	title = {Numerical techniques for large cosmological N-body simulations},
	journal = {Astrophysical Journal Supplement Series (ISSN 0067-0049), vol. 57},
	year = {1985}
}

@article{uchra,
	author = { Huchra J. P. , Geller M. J. },
	title = {Groups of galaxies. I - Nearby groups},
	journal = {Astrophysical Journal, Part 1, vol. 257, June 15, 1982, p. 423-437. Research supported by Cambridge University},
	year = {1982}
}